@Misc{briggs-dim-colour,
  author =    {David Briggs},
  title =     {The dimensions of colour},
  note =      {http://www.huevaluechroma.com}}

